@online{octokit,
    author    = "GitHub",
    title     = "Octokit - GitHub API Client Library for .NET",
    url       = "https://github.com/octokit/octokit.net",
    keywords  = "github,octokit,api"
}

@conference{mltechniques_spamfiltering,
    author    = "Konstantin Tretyakov",
    title     = "Machine Learning Techniques in Spam Filtering",
    booktitle = "Data Mining Problem-oriented Seminar",
    pages     = "60-79",
    month     = may,
    year      = "2004",
    DOI       = "MTAT.03.177",
    url       = "http://ats.cs.ut.ee/u/kt/hw/spam/spam.pdf"
}

@article{mlmethods_spamfiltering,
    author =       "W.A. Awad, S.M. ELseuofi",
    title =        "Machine Learning Methods For Spam E-mail Classification",
    journal =      "International Journal of Computer Science \& Information Technology (IJCSIT)",
    volume =       "3",
    number =       "1",
    year =         "2011",
    url =          "http://airccse.org/journal/jcsit/0211ijcsit12.pdf",
    keywords =     "spam, e-mail classification, machine learning algorithms"
}