@online{ranks.nl,
    author    = "ranks.nl",
    title     = "Stopwords",
    url       = "http://www.ranks.nl/stopwords"
}

@online{github,
    author    = "GitHub Inc.",
    title     = "GitHub",
    url       = "https://github.com"
}

@online{octokit,
    author    = "GitHub",
    title     = "Octokit - GitHub API Client Library for .NET",
    url       = "https://github.com/octokit/octokit.net",
    keywords  = "github,octokit,api"
}

@conference{mltechniques_spamfiltering,
    author    = "Konstantin Tretyakov",
    title     = "Machine Learning Techniques in Spam Filtering",
    booktitle = "Data Mining Problem-oriented Seminar",
    pages     = "60-79",
    month     = may,
    year      = "2004",
    DOI       = "MTAT.03.177",
    url       = "http://ats.cs.ut.ee/u/kt/hw/spam/spam.pdf"
}

@article{mlmethods_spamfiltering,
    author =       "W.A. Awad, S.M. ELseuofi",
    title =        "Machine Learning Methods For Spam E-mail Classification",
    journal =      "International Journal of Computer Science \& Information Technology (IJCSIT)",
    volume =       "3",
    number =       "1",
    year =         "2011",
    url =          "http://airccse.org/journal/jcsit/0211ijcsit12.pdf",
    keywords =     "spam, e-mail classification, machine learning algorithms"
}

@article{fast_binary_feature_selection,
    author =       "Franc¸ois Fleuret",
    title =        "Fast Binary Feature Selection with Conditional Mutual Information",
    journal =      "Journal of Machine Learning Research",
    number =       "5",
    month =        november,
    year =         "2004",
    pages =        "1531–1555",
    url =          "http://sci2s.ugr.es/keel/pdf/specific/articulo/Fleuret_Fast_2004.pdf",
    keywords =     "classification, mutual information, feature selection, naive Bayes, information theory, fast learning"
}

@article{stability_feature_ranking,
    author =       "Aqsa Shabbir, Kashif Javed, Yasmin Ansari, Haroon A Babri",
    title =        "Stability of Feature Ranking Algorithms on Binary Data",
    journal =      "Pakistan Journal of Engineering and Applied Sciences",
    volume =       "15",
    month =        july,
    year =         "2014",
    pages =        "76-86",
    url =          "http://www.uet.edu.pk/research/researchinfo/15-RJ-July-2014/8-ART-354.pdf"
}

@inproceedings{redundant_feature_elimination,
    author =       "Annalisa Appice, Michelangelo Ceci, Simon Rawles, Peter Flach",
    title =        "Redundant Feature Elimination for Multi-Class Problems",
    booktitle =    "Proceedings of the twenty-first international conference on Machine learning",
    year =         "2004",
    pages =        "5",
    organisation = "ACM",
    url =          "http://machinelearning.wustl.edu/mlpapers/paper_files/icml2004_AppiceCRF04.pdf"
}

@misc{wikipedia:bagofwords,
   author        = "Wikipedia",
   title         = "Bag-of-words model --- {W}ikipedia{,} The Free Encyclopedia",
   year          = "2014",
   url           = "http://en.wikipedia.org/wiki/Bag-of-words_model",
   note          = "[Online; accessed 27-October-2014]"
 }